%YAML 1.1
%TAG !u! tag:unity3d.com,2011:
--- !u!1 &5537076411604106099
GameObject:
  m_ObjectHideFlags: 0
  m_CorrespondingSourceObject: {fileID: 0}
  m_PrefabInstance: {fileID: 0}
  m_PrefabAsset: {fileID: 0}
  serializedVersion: 6
  m_Component:
  - component: {fileID: 1247186129927139932}
  m_Layer: 0
  m_Name: Earings
  m_TagString: Untagged
  m_Icon: {fileID: 0}
  m_NavMeshLayer: 0
  m_StaticEditorFlags: 0
  m_IsActive: 1
--- !u!4 &1247186129927139932
Transform:
  m_ObjectHideFlags: 0
  m_CorrespondingSourceObject: {fileID: 0}
  m_PrefabInstance: {fileID: 0}
  m_PrefabAsset: {fileID: 0}
  m_GameObject: {fileID: 5537076411604106099}
  serializedVersion: 2
  m_LocalRotation: {x: -0.7071068, y: -0, z: -0, w: 0.7071068}
  m_LocalPosition: {x: -9.83, y: -3.97, z: 76.78}
  m_LocalScale: {x: 1, y: 1, z: 1}
  m_ConstrainProportionsScale: 0
  m_Children:
  - {fileID: 8418665852410202123}
  - {fileID: 7193829041032926264}
  - {fileID: 7236469737441318580}
  - {fileID: 987983429035540375}
  m_Father: {fileID: 0}
  m_LocalEulerAnglesHint: {x: 0, y: 0, z: 0}
--- !u!1001 &737672026782685308
PrefabInstance:
  m_ObjectHideFlags: 0
  serializedVersion: 2
  m_Modification:
    serializedVersion: 3
    m_TransformParent: {fileID: 1247186129927139932}
    m_Modifications:
    - target: {fileID: -8679921383154817045, guid: d7f37c7188541524cbb76ea6fa02ce38,
        type: 3}
      propertyPath: m_LocalScale.x
      value: 120
      objectReference: {fileID: 0}
    - target: {fileID: -8679921383154817045, guid: d7f37c7188541524cbb76ea6fa02ce38,
        type: 3}
      propertyPath: m_LocalScale.y
      value: 120
      objectReference: {fileID: 0}
    - target: {fileID: -8679921383154817045, guid: d7f37c7188541524cbb76ea6fa02ce38,
        type: 3}
      propertyPath: m_LocalScale.z
      value: 120
      objectReference: {fileID: 0}
    - target: {fileID: -8679921383154817045, guid: d7f37c7188541524cbb76ea6fa02ce38,
        type: 3}
      propertyPath: m_LocalPosition.x
      value: -0.000507512
      objectReference: {fileID: 0}
    - target: {fileID: -8679921383154817045, guid: d7f37c7188541524cbb76ea6fa02ce38,
        type: 3}
      propertyPath: m_LocalPosition.y
      value: -0.0078554535
      objectReference: {fileID: 0}
    - target: {fileID: -8679921383154817045, guid: d7f37c7188541524cbb76ea6fa02ce38,
        type: 3}
      propertyPath: m_LocalPosition.z
      value: -0.0014519701
      objectReference: {fileID: 0}
    - target: {fileID: -8679921383154817045, guid: d7f37c7188541524cbb76ea6fa02ce38,
        type: 3}
      propertyPath: m_LocalRotation.w
      value: 0.64051837
      objectReference: {fileID: 0}
    - target: {fileID: -8679921383154817045, guid: d7f37c7188541524cbb76ea6fa02ce38,
        type: 3}
      propertyPath: m_LocalRotation.x
      value: 0.7320432
      objectReference: {fileID: 0}
    - target: {fileID: -8679921383154817045, guid: d7f37c7188541524cbb76ea6fa02ce38,
        type: 3}
      propertyPath: m_LocalRotation.y
      value: -0.057865366
      objectReference: {fileID: 0}
    - target: {fileID: -8679921383154817045, guid: d7f37c7188541524cbb76ea6fa02ce38,
        type: 3}
      propertyPath: m_LocalRotation.z
      value: -0.22472365
      objectReference: {fileID: 0}
    - target: {fileID: -8679921383154817045, guid: d7f37c7188541524cbb76ea6fa02ce38,
        type: 3}
      propertyPath: m_LocalEulerAnglesHint.x
      value: 0
      objectReference: {fileID: 0}
    - target: {fileID: -8679921383154817045, guid: d7f37c7188541524cbb76ea6fa02ce38,
        type: 3}
      propertyPath: m_LocalEulerAnglesHint.y
      value: 0
      objectReference: {fileID: 0}
    - target: {fileID: -8679921383154817045, guid: d7f37c7188541524cbb76ea6fa02ce38,
        type: 3}
      propertyPath: m_LocalEulerAnglesHint.z
      value: 0
      objectReference: {fileID: 0}
    - target: {fileID: 919132149155446097, guid: d7f37c7188541524cbb76ea6fa02ce38,
        type: 3}
      propertyPath: m_Name
      value: BK_earings
      objectReference: {fileID: 0}
    - target: {fileID: 919132149155446097, guid: d7f37c7188541524cbb76ea6fa02ce38,
        type: 3}
      propertyPath: m_IsActive
      value: 0
      objectReference: {fileID: 0}
    m_RemovedComponents: []
    m_RemovedGameObjects: []
    m_AddedGameObjects: []
    m_AddedComponents: []
  m_SourcePrefab: {fileID: 100100000, guid: d7f37c7188541524cbb76ea6fa02ce38, type: 3}
--- !u!4 &987983429035540375 stripped
Transform:
  m_CorrespondingSourceObject: {fileID: -8679921383154817045, guid: d7f37c7188541524cbb76ea6fa02ce38,
    type: 3}
  m_PrefabInstance: {fileID: 737672026782685308}
  m_PrefabAsset: {fileID: 0}
--- !u!1001 &7232539214411559891
PrefabInstance:
  m_ObjectHideFlags: 0
  serializedVersion: 2
  m_Modification:
    serializedVersion: 3
    m_TransformParent: {fileID: 1247186129927139932}
    m_Modifications:
    - target: {fileID: -8679921383154817045, guid: 63cd6af5b1fa80840825d2fba3c8449d,
        type: 3}
      propertyPath: m_LocalScale.x
      value: 50
      objectReference: {fileID: 0}
    - target: {fileID: -8679921383154817045, guid: 63cd6af5b1fa80840825d2fba3c8449d,
        type: 3}
      propertyPath: m_LocalScale.y
      value: 50
      objectReference: {fileID: 0}
    - target: {fileID: -8679921383154817045, guid: 63cd6af5b1fa80840825d2fba3c8449d,
        type: 3}
      propertyPath: m_LocalScale.z
      value: 50
      objectReference: {fileID: 0}
    - target: {fileID: -8679921383154817045, guid: 63cd6af5b1fa80840825d2fba3c8449d,
        type: 3}
      propertyPath: m_LocalPosition.x
      value: 0
      objectReference: {fileID: 0}
    - target: {fileID: -8679921383154817045, guid: 63cd6af5b1fa80840825d2fba3c8449d,
        type: 3}
      propertyPath: m_LocalPosition.y
      value: 0
      objectReference: {fileID: 0}
    - target: {fileID: -8679921383154817045, guid: 63cd6af5b1fa80840825d2fba3c8449d,
        type: 3}
      propertyPath: m_LocalPosition.z
      value: 0
      objectReference: {fileID: 0}
    - target: {fileID: -8679921383154817045, guid: 63cd6af5b1fa80840825d2fba3c8449d,
        type: 3}
      propertyPath: m_LocalRotation.w
      value: 1
      objectReference: {fileID: 0}
    - target: {fileID: -8679921383154817045, guid: 63cd6af5b1fa80840825d2fba3c8449d,
        type: 3}
      propertyPath: m_LocalRotation.x
      value: -0
      objectReference: {fileID: 0}
    - target: {fileID: -8679921383154817045, guid: 63cd6af5b1fa80840825d2fba3c8449d,
        type: 3}
      propertyPath: m_LocalRotation.y
      value: -0
      objectReference: {fileID: 0}
    - target: {fileID: -8679921383154817045, guid: 63cd6af5b1fa80840825d2fba3c8449d,
        type: 3}
      propertyPath: m_LocalRotation.z
      value: -0
      objectReference: {fileID: 0}
    - target: {fileID: -8679921383154817045, guid: 63cd6af5b1fa80840825d2fba3c8449d,
        type: 3}
      propertyPath: m_LocalEulerAnglesHint.x
      value: 0
      objectReference: {fileID: 0}
    - target: {fileID: -8679921383154817045, guid: 63cd6af5b1fa80840825d2fba3c8449d,
        type: 3}
      propertyPath: m_LocalEulerAnglesHint.y
      value: 0
      objectReference: {fileID: 0}
    - target: {fileID: -8679921383154817045, guid: 63cd6af5b1fa80840825d2fba3c8449d,
        type: 3}
      propertyPath: m_LocalEulerAnglesHint.z
      value: 0
      objectReference: {fileID: 0}
    - target: {fileID: -7511558181221131132, guid: 63cd6af5b1fa80840825d2fba3c8449d,
        type: 3}
      propertyPath: m_Materials.Array.data[0]
      value: 
      objectReference: {fileID: 2100000, guid: 5311b284aafc5334fb55f5f79c048c58, type: 2}
    - target: {fileID: 919132149155446097, guid: 63cd6af5b1fa80840825d2fba3c8449d,
        type: 3}
      propertyPath: m_Name
      value: Tomato_Cheese
      objectReference: {fileID: 0}
    - target: {fileID: 919132149155446097, guid: 63cd6af5b1fa80840825d2fba3c8449d,
        type: 3}
      propertyPath: m_IsActive
      value: 0
      objectReference: {fileID: 0}
    m_RemovedComponents: []
    m_RemovedGameObjects: []
    m_AddedGameObjects: []
    m_AddedComponents: []
  m_SourcePrefab: {fileID: 100100000, guid: 63cd6af5b1fa80840825d2fba3c8449d, type: 3}
--- !u!4 &7193829041032926264 stripped
Transform:
  m_CorrespondingSourceObject: {fileID: -8679921383154817045, guid: 63cd6af5b1fa80840825d2fba3c8449d,
    type: 3}
  m_PrefabInstance: {fileID: 7232539214411559891}
  m_PrefabAsset: {fileID: 0}
--- !u!1001 &7236469737441318579
PrefabInstance:
  m_ObjectHideFlags: 0
  serializedVersion: 2
  m_Modification:
    serializedVersion: 3
    m_TransformParent: {fileID: 1247186129927139932}
    m_Modifications:
    - target: {fileID: -8679921383154817045, guid: 4c334dcfb61a185498893bf25ad41c90,
        type: 3}
      propertyPath: m_LocalScale.x
      value: 3
      objectReference: {fileID: 0}
    - target: {fileID: -8679921383154817045, guid: 4c334dcfb61a185498893bf25ad41c90,
        type: 3}
      propertyPath: m_LocalScale.y
      value: 3
      objectReference: {fileID: 0}
    - target: {fileID: -8679921383154817045, guid: 4c334dcfb61a185498893bf25ad41c90,
        type: 3}
      propertyPath: m_LocalScale.z
      value: 3
      objectReference: {fileID: 0}
    - target: {fileID: -8679921383154817045, guid: 4c334dcfb61a185498893bf25ad41c90,
        type: 3}
      propertyPath: m_LocalPosition.x
      value: 0.0012237644
      objectReference: {fileID: 0}
    - target: {fileID: -8679921383154817045, guid: 4c334dcfb61a185498893bf25ad41c90,
        type: 3}
      propertyPath: m_LocalPosition.y
      value: -0.006223997
      objectReference: {fileID: 0}
    - target: {fileID: -8679921383154817045, guid: 4c334dcfb61a185498893bf25ad41c90,
        type: 3}
      propertyPath: m_LocalPosition.z
      value: 0.004286885
      objectReference: {fileID: 0}
    - target: {fileID: -8679921383154817045, guid: 4c334dcfb61a185498893bf25ad41c90,
        type: 3}
      propertyPath: m_LocalRotation.w
      value: 0.7658785
      objectReference: {fileID: 0}
    - target: {fileID: -8679921383154817045, guid: 4c334dcfb61a185498893bf25ad41c90,
        type: 3}
      propertyPath: m_LocalRotation.x
      value: 0.6426484
      objectReference: {fileID: 0}
    - target: {fileID: -8679921383154817045, guid: 4c334dcfb61a185498893bf25ad41c90,
        type: 3}
      propertyPath: m_LocalRotation.y
      value: -0.01338026
      objectReference: {fileID: 0}
    - target: {fileID: -8679921383154817045, guid: 4c334dcfb61a185498893bf25ad41c90,
        type: 3}
      propertyPath: m_LocalRotation.z
      value: -0.015945971
      objectReference: {fileID: 0}
    - target: {fileID: -8679921383154817045, guid: 4c334dcfb61a185498893bf25ad41c90,
        type: 3}
      propertyPath: m_LocalEulerAnglesHint.x
      value: 0
      objectReference: {fileID: 0}
    - target: {fileID: -8679921383154817045, guid: 4c334dcfb61a185498893bf25ad41c90,
        type: 3}
      propertyPath: m_LocalEulerAnglesHint.y
      value: 0
      objectReference: {fileID: 0}
    - target: {fileID: -8679921383154817045, guid: 4c334dcfb61a185498893bf25ad41c90,
        type: 3}
      propertyPath: m_LocalEulerAnglesHint.z
      value: 0
      objectReference: {fileID: 0}
    - target: {fileID: -7511558181221131132, guid: 4c334dcfb61a185498893bf25ad41c90,
        type: 3}
      propertyPath: m_Materials.Array.data[0]
      value: 
      objectReference: {fileID: 2100000, guid: ffdcb1fc27ba6014ba71940a17478714, type: 2}
    - target: {fileID: 919132149155446097, guid: 4c334dcfb61a185498893bf25ad41c90,
        type: 3}
      propertyPath: m_Name
      value: LettuceEarings
      objectReference: {fileID: 0}
    - target: {fileID: 919132149155446097, guid: 4c334dcfb61a185498893bf25ad41c90,
        type: 3}
      propertyPath: m_IsActive
      value: 1
      objectReference: {fileID: 0}
    m_RemovedComponents: []
    m_RemovedGameObjects: []
    m_AddedGameObjects: []
    m_AddedComponents: []
  m_SourcePrefab: {fileID: 100100000, guid: 4c334dcfb61a185498893bf25ad41c90, type: 3}
--- !u!4 &7236469737441318580 stripped
Transform:
  m_CorrespondingSourceObject: {fileID: -8679921383154817045, guid: 4c334dcfb61a185498893bf25ad41c90,
    type: 3}
  m_PrefabInstance: {fileID: 7236469737441318579}
  m_PrefabAsset: {fileID: 0}
--- !u!1001 &8313542109418385376
PrefabInstance:
  m_ObjectHideFlags: 0
  serializedVersion: 2
  m_Modification:
    serializedVersion: 3
    m_TransformParent: {fileID: 1247186129927139932}
    m_Modifications:
    - target: {fileID: -8679921383154817045, guid: 506e380404b8d2d48903e2b6705d0ce9,
        type: 3}
      propertyPath: m_LocalScale.x
      value: 5
      objectReference: {fileID: 0}
    - target: {fileID: -8679921383154817045, guid: 506e380404b8d2d48903e2b6705d0ce9,
        type: 3}
      propertyPath: m_LocalScale.y
      value: 5
      objectReference: {fileID: 0}
    - target: {fileID: -8679921383154817045, guid: 506e380404b8d2d48903e2b6705d0ce9,
        type: 3}
      propertyPath: m_LocalScale.z
      value: 5
      objectReference: {fileID: 0}
    - target: {fileID: -8679921383154817045, guid: 506e380404b8d2d48903e2b6705d0ce9,
        type: 3}
      propertyPath: m_LocalPosition.x
      value: -0.003613472
      objectReference: {fileID: 0}
    - target: {fileID: -8679921383154817045, guid: 506e380404b8d2d48903e2b6705d0ce9,
        type: 3}
      propertyPath: m_LocalPosition.y
      value: 1.6076052
      objectReference: {fileID: 0}
    - target: {fileID: -8679921383154817045, guid: 506e380404b8d2d48903e2b6705d0ce9,
        type: 3}
      propertyPath: m_LocalPosition.z
      value: -0.041940212
      objectReference: {fileID: 0}
    - target: {fileID: -8679921383154817045, guid: 506e380404b8d2d48903e2b6705d0ce9,
        type: 3}
      propertyPath: m_LocalRotation.w
      value: 0.59161866
      objectReference: {fileID: 0}
    - target: {fileID: -8679921383154817045, guid: 506e380404b8d2d48903e2b6705d0ce9,
        type: 3}
      propertyPath: m_LocalRotation.x
      value: -0.80621797
      objectReference: {fileID: 0}
    - target: {fileID: -8679921383154817045, guid: 506e380404b8d2d48903e2b6705d0ce9,
        type: 3}
      propertyPath: m_LocalRotation.y
      value: -0
      objectReference: {fileID: 0}
    - target: {fileID: -8679921383154817045, guid: 506e380404b8d2d48903e2b6705d0ce9,
        type: 3}
      propertyPath: m_LocalRotation.z
      value: -0
      objectReference: {fileID: 0}
    - target: {fileID: -8679921383154817045, guid: 506e380404b8d2d48903e2b6705d0ce9,
        type: 3}
      propertyPath: m_LocalEulerAnglesHint.x
      value: -107.456
      objectReference: {fileID: 0}
    - target: {fileID: -8679921383154817045, guid: 506e380404b8d2d48903e2b6705d0ce9,
        type: 3}
      propertyPath: m_LocalEulerAnglesHint.y
      value: 0
      objectReference: {fileID: 0}
    - target: {fileID: -8679921383154817045, guid: 506e380404b8d2d48903e2b6705d0ce9,
        type: 3}
      propertyPath: m_LocalEulerAnglesHint.z
      value: 0
      objectReference: {fileID: 0}
    - target: {fileID: -7511558181221131132, guid: 506e380404b8d2d48903e2b6705d0ce9,
        type: 3}
      propertyPath: m_Materials.Array.data[1]
      value: 
      objectReference: {fileID: 2100000, guid: 61d0246b0d2a34f438f702dc2ad5bfec, type: 2}
    - target: {fileID: 919132149155446097, guid: 506e380404b8d2d48903e2b6705d0ce9,
        type: 3}
      propertyPath: m_Name
      value: PickleEarings
      objectReference: {fileID: 0}
    - target: {fileID: 919132149155446097, guid: 506e380404b8d2d48903e2b6705d0ce9,
        type: 3}
      propertyPath: m_IsActive
      value: 0
      objectReference: {fileID: 0}
    m_RemovedComponents: []
    m_RemovedGameObjects: []
    m_AddedGameObjects: []
    m_AddedComponents: []
  m_SourcePrefab: {fileID: 100100000, guid: 506e380404b8d2d48903e2b6705d0ce9, type: 3}
--- !u!4 &8418665852410202123 stripped
Transform:
  m_CorrespondingSourceObject: {fileID: -8679921383154817045, guid: 506e380404b8d2d48903e2b6705d0ce9,
    type: 3}
  m_PrefabInstance: {fileID: 8313542109418385376}
  m_PrefabAsset: {fileID: 0}
